<?xml version="1.0" encoding="UTF-8"?><collection xmlns="http://www.loc.gov/MARC21/slim"><record><leader>00439nam--2200133-i-4500</leader><controlfield tag="001">000038453</controlfield><controlfield tag="002">20161230</controlfield><controlfield tag="005">20161230201041</controlfield><controlfield tag="008">060222s1000------------r-----000-0-eng-d</controlfield><datafield ind1=" " ind2=" " tag="080"><subfield code="a">628.515:628.543</subfield></datafield><datafield ind1=" " ind2=" " tag="245"><subfield code="a">Le recyclage et la reutilisation de l`eau dans l`industrie. une contribution a la solution du probleme des eaux residuaires</subfield></datafield><datafield ind1=" " ind2=" " tag="260"><subfield code="a">London, 1963. Ix + 247 P</subfield></datafield><datafield ind1=" " ind2=" " tag="490"><subfield code="a">Int.Union On Pure And Applied Chemisty</subfield></datafield><datafield ind1=" " ind2=" " tag="852"><subfield code="a">36575</subfield></datafield></record></collection>